<?xml version="1.0" encoding="UTF-8"?>
<record xmlns="http://www.loc.gov/MARC21/slim" xmlns:xsi="http://www.w3.org/2001/XMLSchema-instance" xsi:schemaLocation="http://www.loc.gov/MARC21/slim http://www.loc.gov/standards/marcxml/schema/MARC21slim.xsd">
<leader>00000cam a22      a 4500</leader>
<controlfield tag="001">002769278</controlfield>
<controlfield tag="003">NNU</controlfield>
<controlfield tag="005">20160413165139.0</controlfield>
<controlfield tag="008">860623m19251929ua       bc   000 0 arard</controlfield>
<datafield tag="010" ind1=" " ind2=" ">
<subfield code="a">   72210206</subfield>
</datafield>
<datafield tag="035" ind1=" " ind2=" ">
<subfield code="a">(OCoLC)83449353</subfield>
<subfield code="z">(OCoLC)43866496</subfield>
</datafield>
<datafield tag="040" ind1=" " ind2=" ">
<subfield code="a">ZYU</subfield>
<subfield code="b">eng</subfield>
<subfield code="c">ZYU</subfield>
<subfield code="d">PUL</subfield>
<subfield code="d">OCLCF</subfield>
<subfield code="d">OCLCO</subfield>
<subfield code="d">OCLCQ</subfield>
<subfield code="d">OCLCO</subfield>
</datafield>
<datafield tag="050" ind1=" " ind2="4">
<subfield code="a">Z6621</subfield>
<subfield code="b">.A3614 1925</subfield>
</datafield>
<datafield tag="110" ind1="1" ind2=" ">
<subfield code="6">880-01</subfield>
<subfield code="a">Abū ʻAlī, Aḥmad.</subfield>
</datafield>
<datafield tag="245" ind1="1" ind2="0">
<subfield code="6">880-02</subfield>
<subfield code="a">Fihris .../</subfield>
<subfield code="c">bi-qalam Aḥmad Abū ʻAlī.</subfield>
</datafield>
<datafield tag="260" ind1=" " ind2=" ">
<subfield code="6">880-03</subfield>
<subfield code="a">Iskandarīyah :</subfield>
<subfield code="b">Sharikat al-Maṭbūʻāt al-Miṣrīyah,</subfield>
<subfield code="c">1925-1929.</subfield>
</datafield>
<datafield tag="300" ind1=" " ind2=" ">
<subfield code="a">6 volumes ;</subfield>
<subfield code="c">25 cm</subfield>
</datafield>
<datafield tag="336" ind1=" " ind2=" ">
<subfield code="a">text</subfield>
<subfield code="b">txt</subfield>
<subfield code="2">rdacontent</subfield>
</datafield>
<datafield tag="337" ind1=" " ind2=" ">
<subfield code="a">unmediated</subfield>
<subfield code="b">n</subfield>
<subfield code="2">rdamedia</subfield>
</datafield>
<datafield tag="338" ind1=" " ind2=" ">
<subfield code="a">volume</subfield>
<subfield code="b">nc</subfield>
<subfield code="2">rdacarrier</subfield>
</datafield>
<datafield tag="500" ind1=" " ind2=" ">
<subfield code="a">At head of title: al-Maktabah al-Baladīyah.</subfield>
</datafield>
<datafield tag="500" ind1=" " ind2=" ">
<subfield code="a">Vols. [1] and [5] lack general t.p.; v. [2]-[4] have cover title only. Many subject subdivisions have special title pages and pagination.</subfield>
</datafield>
<datafield tag="500" ind1=" " ind2=" ">
<subfield code="a">Includes printed books and manuscripts.</subfield>
</datafield>
<datafield tag="505" ind1="0" ind2=" ">
<subfield code="a">[1.] al-Taʼrīkh: al-Sīrah al-nabawīyah al-sharīfah. al-Taʼrīkh al-ʻām wa-al-ḥāṣṣ. al-Jughrāfīyā. al-Taʼrīkh al-ṭabʻīyah. 1925-26. -- [2.] al-ʻUlūm al-ʻarabīyah: ʻIlm al-taṣrīf. ʻIlm al-naḥw. ʻUlum al-balāghah. ʻIlm al-waḍʻ. ʻIlm al-lughah. ʻIlm al-ʻarūḍ wa-al-qawāfī. al-Adab. al-Muṣannafāt al-ijtimāʻīyah wa-al-iqtiṣādīyah wa-al-siyāsīyah. 1927. -- [3.] Kutub uṣūl al-sharīʻah al-Islāmīyah: al-Qurʼān al-sharīf. ʻIlm al-qirāʼāt wa-al-tajwīd wa-rasm al-maṣḥaf. ʻIlm al-tafsīr wa-mulḥaqātih. ʻIlm muṣṭalaḥ al-ḥadīth. ʻIlm al-ḥadīth al-sharīf. Kutub furūʻ al-sharīʻah al-Islāmīyah: ʻIlm uṣūl al-fiqh. al-Madhāhib al-arbaʻah. ʻIlm al-farāʼiḍ. 1927. -- [4.] al-Ilāhiyāt wa-mā yandaraj taḥtahā: al-Tawḥīd. al-Taṣawwuf. al-Fawāʼid wa-al-ādamīyah. al-Ḥurūf wa-al-asmāʼ. al-Farq al-Islāmīyah. al-Adyān. al-Muʻtaqadāt. al-Falsafīyāt wa-mā yajrī majrāhā: al-Manṭiq. al-Ḥikmah wa-al-falsafah. al-Mawāʼiẓ wa-al-akhlāq. Ādāb al-baḥth wa-al-manāẓirah. al-Tarbīyah wa-al-taʻlīm. 1928. -- [5.] al-Ṭabīʻīyāt wa-mā yajrī majrāhā, wa-hiya: al-Ṭibb bi-furūʻih. al-Kīmīyā wa-al-ṭabīʻah. al-Zirāʻah. al-Riyāḍīyāt wa-mā bi-tabaʻihā. al-Qawānīn wa-al-sharāʼiʻ. Aʻmāl al-ḥukūmah al-Miṣrīyah. 1928. -- [6.] al-Funūn al-munawwaʻah. al-Qiṣaṣ wa-al-riwāyāt.</subfield>
</datafield>
<datafield tag="650" ind1=" " ind2="0">
<subfield code="a">Manuscripts, Arabic</subfield>
<subfield code="v">Catalogs.</subfield>
</datafield>
<datafield tag="650" ind1=" " ind2="7">
<subfield code="a">Manuscripts, Arabic.</subfield>
<subfield code="2">fast</subfield>
<subfield code="0">(OCoLC)fst01008278</subfield>
</datafield>
<datafield tag="655" ind1=" " ind2="7">
<subfield code="a">Catalogs.</subfield>
<subfield code="2">fast</subfield>
<subfield code="0">(OCoLC)fst01423692</subfield>
</datafield>
<datafield tag="880" ind1="1" ind2=" ">
<subfield code="6">110-01/</subfield>
<subfield code="a">ابو علي، احمد.</subfield>
</datafield>
<datafield tag="880" ind1="1" ind2="0">
<subfield code="6">245-02/</subfield>
<subfield code="a">فهرس .../</subfield>
<subfield code="c">بقلم احمد ابو علي.</subfield>
</datafield>
<datafield tag="880" ind1=" " ind2=" ">
<subfield code="6">260-03/</subfield>
<subfield code="a">اسكندرية :</subfield>
<subfield code="b">شركة المطبوعات المصرية،</subfield>
<subfield code="c">1925-1929.</subfield>
</datafield>
<datafield tag="OWN" ind1=" " ind2=" ">
<subfield code="a">GENERAL</subfield>
</datafield>
<datafield tag="AVA" ind1=" " ind2=" ">
<subfield code="a">NYU50</subfield>
<subfield code="b">BOBST</subfield>
<subfield code="c">Main Collection</subfield>
<subfield code="d">Z6621 .A3614</subfield>
<subfield code="e">unavailable</subfield>
<subfield code="t">Unavailable</subfield>
<subfield code="f">1</subfield>
<subfield code="g">1</subfield>
<subfield code="h">Y</subfield>
<subfield code="i">0</subfield>
<subfield code="j">MAIN</subfield>
<subfield code="k">0</subfield>
</datafield>
</record>
